<record xmlns="http://www.loc.gov/MARC21/slim">
   <leader>04153cam a2200529Ia 4500</leader>
   <controlfield tag="001">6700441</controlfield>
   <controlfield tag="003">DcWaAPA</controlfield>
   <controlfield tag="005">20140807092952.0</controlfield>
   <controlfield tag="006">m     o  d        </controlfield>
   <controlfield tag="007">cr</controlfield>
   <controlfield tag="008">140807s2015    dcu     ob    001 0 eng d</controlfield>
   <datafield ind1=" " ind2=" " tag="020">
      <subfield code="a">9781433817618 (hardcover)</subfield>
   </datafield>
   <datafield ind1=" " ind2=" " tag="020">
      <subfield code="a">1433817616 (hardcover)</subfield>
   </datafield>
   <datafield ind1=" " ind2=" " tag="035">
      <subfield code="a">ocn885386747</subfield>
   </datafield>
   <datafield ind1=" " ind2=" " tag="039">
      <subfield code="a">exclude</subfield>
   </datafield>
   <datafield ind1=" " ind2=" " tag="040">
      <subfield code="a">DcWaAPA</subfield>
      <subfield code="d">AEU</subfield>
   </datafield>
   <datafield ind1=" " ind2="4" tag="050">
      <subfield code="a">R726.7</subfield>
      <subfield code="b">.M45 2015</subfield>
   </datafield>
   <datafield ind1="0" ind2="4" tag="082">
      <subfield code="a">616.89</subfield>
      <subfield code="2">23</subfield>
   </datafield>
   <datafield ind1=" " ind2=" " tag="090">
      <subfield code="a">Internet Access</subfield>
      <subfield code="b">AEU</subfield>
   </datafield>
   <datafield ind1=" " ind2=" " tag="090">
      <subfield code="a">Internet Access</subfield>
      <subfield code="b">AEC</subfield>
   </datafield>
   <datafield ind1=" " ind2=" " tag="090">
      <subfield code="a">Internet Access</subfield>
      <subfield code="b">AEGMCT</subfield>
   </datafield>
   <datafield ind1="1" ind2=" " tag="100">
      <subfield code="a">Melchert, Timothy P.</subfield>
      <subfield code="q">(Timothy Peter)</subfield>
   </datafield>
   <datafield ind1="1" ind2="0" tag="245">
      <subfield code="a">Biopsychosocial practice</subfield>
      <subfield code="h">[electronic resource] :</subfield>
      <subfield code="b">a science-based framework for behavioral health care /</subfield>
      <subfield code="c">by Timothy P. Melchert.</subfield>
   </datafield>
   <datafield ind1=" " ind2=" " tag="250">
      <subfield code="a">1st ed.</subfield>
   </datafield>
   <datafield ind1=" " ind2=" " tag="260">
      <subfield code="a">Washington, D.C. :</subfield>
      <subfield code="b">American Psychological Association,</subfield>
      <subfield code="c">2015.</subfield>
   </datafield>
   <datafield ind1=" " ind2=" " tag="300">
      <subfield code="a">1 online resource (viii, 359 p.)</subfield>
   </datafield>
   <datafield ind1=" " ind2=" " tag="336">
      <subfield code="a">text</subfield>
      <subfield code="b">txt</subfield>
      <subfield code="2">rdacontent</subfield>
   </datafield>
   <datafield ind1=" " ind2=" " tag="337">
      <subfield code="a">computer</subfield>
      <subfield code="b">c</subfield>
      <subfield code="2">rdamedia</subfield>
   </datafield>
   <datafield ind1=" " ind2=" " tag="338">
      <subfield code="a">online resource</subfield>
      <subfield code="b">cr</subfield>
      <subfield code="2">rdacarrier</subfield>
   </datafield>
   <datafield ind1=" " ind2=" " tag="504">
      <subfield code="a">Includes bibliographical references and index.</subfield>
   </datafield>
   <datafield ind1=" " ind2=" " tag="520">
      <subfield code="a">"The four parts of this book lay out a logical approach to conceptualizing behavioral health care. The first part comprises three chapters that address the basic conceptual framework needed to place the profession on firm scientific and ethical foundations. Part II includes three chapters that provide an overview of the psychological, sociocultural, and physical functioning of the American general public, followed by a fourth chapter that provides a developmental perspective. These topics are viewed as necessary background for appropriately applying the biopsychosocial approach to behavioral health care. Knowledge of the biopsychosocial circumstances of the public is critical for a holistic understanding of individuals, conducting thorough assessments, and developing treatment plans and delivering interventions that maximize the likelihood of treatment effectiveness. The topics in Part II are also necessary background for understanding the prevention of behavioral health problems, promoting health and well-being, and effectively interacting with other health care and human service professionals, family members, and others who play important roles in patients' lives. The chapters in Part III describe the implications of applying the scientific and ethical foundations of the biopsychosocial approach to the behavioral health care treatment process. The four chapters in this part of the volume address the four general phases of the treatment process, namely, assessment, treatment planning, implementing treatment, and evaluating its effectiveness. Part IV addresses additional implications of taking a science-based biopsychosocial approach to behavioral health care"--Introduction. (PsycINFO Database Record (c) 2014 APA, all rights reserved).</subfield>
   </datafield>
   <datafield ind1=" " ind2=" " tag="533">
      <subfield code="a">Electronic reproduction.</subfield>
      <subfield code="b">Washington, D.C. :</subfield>
      <subfield code="c">American Psychological Association,</subfield>
      <subfield code="d">2014.</subfield>
      <subfield code="n">Available via World Wide Web.</subfield>
      <subfield code="n">Access limited by licensing agreement.</subfield>
      <subfield code="7">s2014 dcunns</subfield>
   </datafield>
   <datafield ind1=" " ind2=" " tag="596">
      <subfield code="a">21 44 57</subfield>
   </datafield>
   <datafield ind1=" " ind2="0" tag="650">
      <subfield code="a">Clinical health psychology.</subfield>
   </datafield>
   <datafield ind1=" " ind2="0" tag="650">
      <subfield code="a">Science and psychology.</subfield>
   </datafield>
   <datafield ind1=" " ind2="0" tag="650">
      <subfield code="a">Psychobiology.</subfield>
   </datafield>
   <datafield ind1=" " ind2="2" tag="650">
      <subfield code="a">Psychology.</subfield>
   </datafield>
   <datafield ind1=" " ind2="2" tag="650">
      <subfield code="a">Delivery of Health Care.</subfield>
   </datafield>
   <datafield ind1="4" ind2="0" tag="856">
      <subfield code="3">University of Alberta Access</subfield>
      <subfield code="u">http://ovidsp.ovid.com/ovidweb.cgi?T=JS&amp;NEWS=N&amp;PAGE=toc&amp;SEARCH=2014-10277.dd&amp;LINKTYPE=asBody&amp;D=psbk</subfield>
   </datafield>
   <datafield ind1="4" ind2="0" tag="856">
      <subfield code="3">MacEwan University Access</subfield>
      <subfield code="u">http://search.ebscohost.com/direct.asp?db=pzh&amp;jid=%22201410277%22&amp;scope=site</subfield>
   </datafield>
   <datafield ind1="4" ind2="0" tag="856">
      <subfield code="3">Concordia University of Edmonton Access</subfield>
      <subfield code="u">http://search.ebscohost.com/login.aspx?direct=true&amp;db=pzh&amp;jid=201410277&amp;site=ehost-live</subfield>
   </datafield>
   <datafield ind1=" " ind2=" " tag="949">
      <subfield code="h">UAIN</subfield>
      <subfield code="z">PSYCBOOKS</subfield>
   </datafield>
   <datafield ind1=" " ind2=" " tag="949">
      <subfield code="h">UAIN</subfield>
      <subfield code="m">CONCORDIA</subfield>
      <subfield code="z">PSYCBKSCON</subfield>
   </datafield>
   <datafield ind1=" " ind2=" " tag="949">
      <subfield code="h">UAIN</subfield>
      <subfield code="m">GR_MAC_INT</subfield>
      <subfield code="z">PSYCBKSGM</subfield>
   </datafield>
   <datafield ind1=" " ind2=" " tag="926">
      <subfield code="a">Internet Access</subfield>
      <subfield code="w">LC</subfield>
      <subfield code="c">1</subfield>
      <subfield code="i">6700441-1001</subfield>
      <subfield code="l">INTERNET</subfield>
      <subfield code="m">UAINTERNET</subfield>
      <subfield code="r">Y</subfield>
      <subfield code="s">Y</subfield>
      <subfield code="t">E-RESOURCE</subfield>
      <subfield code="u">9/30/2014</subfield>
      <subfield code="x">E-BOOK</subfield>
      <subfield code="z">PSYCBOOKS</subfield>
   </datafield>
   <datafield ind1=" " ind2=" " tag="926">
      <subfield code="a">Internet Access</subfield>
      <subfield code="w">LC</subfield>
      <subfield code="c">1</subfield>
      <subfield code="i">6700441-2001</subfield>
      <subfield code="l">INTERNET</subfield>
      <subfield code="m">CONCORDIA</subfield>
      <subfield code="r">Y</subfield>
      <subfield code="s">Y</subfield>
      <subfield code="t">E-RESOURCE</subfield>
      <subfield code="u">9/30/2014</subfield>
      <subfield code="x">E-BOOK</subfield>
      <subfield code="z">PSYCBKSCON</subfield>
   </datafield>
   <datafield ind1=" " ind2=" " tag="926">
      <subfield code="a">Internet Access</subfield>
      <subfield code="w">LC</subfield>
      <subfield code="c">1</subfield>
      <subfield code="i">6700441-3001</subfield>
      <subfield code="l">INTERNET</subfield>
      <subfield code="m">GR_MAC_INT</subfield>
      <subfield code="r">Y</subfield>
      <subfield code="s">Y</subfield>
      <subfield code="t">E-RESOURCE</subfield>
      <subfield code="u">9/30/2014</subfield>
      <subfield code="x">E-BOOK</subfield>
      <subfield code="z">PSYCBKSGM</subfield>
   </datafield>
</record>
